@manual{Bild2,
  author = {Sebastian Rollke},
  title = {Versuch 46: Faraday-Effekt an Halbleitern},
  url = "http://www.rollke.com/physik/46.pdf",
  urldate = "2021-10-27"
}
@manual{Anleitung,
  author = {TU Dortmund},
  title = {V01 - Lebensdauer kosmischer Myonen},
  url = "https://moodle.tu-dortmund.de/pluginfile.php/1929915/mod_resource/content/5/V01.pdf",
  urldate = "2022-06-23"
}
@manual{Anleitung3,
  author = {Chemie.de},
  title = {Debye-Modell},
  url = "https://www.chemie.de/lexikon/Debye-Modell.html",
  urldate= "2022-06-15"
}
@manual{Anleitung5,
  author = {René Rausch},
  url = "https://www.periodensystem-online.de/index.php?el=29&id=modify",
  urldate= "2022-06-15"
}
@manual{Anleitung4,
  author = {Lenntech},
  url = "https://www.lenntech.de/pse/elemente/cu.htm",
  urldate= "2022-06-15"
}
@manual{python,
  author = "Python",
  url = "https://www.python.org",
  urldate = "2022-06-23"
}
@manual{Anleitung10,
  author = {MU Leoben},
  title = {Thermische Eigenschaften},
  url = "https://www.oeaw.ac.at/fileadmin/Institute/ESI/PDF/student_corner/mp2_thermische-eigensch_dehm.pdf",
  urldate = "2022-06-15"
}
@manual{Anleitung7,
  author = {Chemie.de},
  url = "https://www.chemie.de/lexikon/Spezifische_Wärmekapazität.html",
  urldate= "2022-06-15"
}
@book{LitMyo,
author = {Bogdan Povh; Klaus Rith; Christoph Scholz; Frank Zetsche},
title = {Teilchen und Kerne - Eine Einführung in die physikalischen Konzepte}
}
