@manual{Bild2,
  author = {Sebastian Rollke},
  title = {Versuch 46: Faraday-Effekt an Halbleitern},
  url = "http://www.rollke.com/physik/46.pdf",
  urldate = "2021-10-27"
}
@manual{Anleitung,
  author = {TU Dortmund},
  title = {Anhang 1, V46 - Faraday-Effekt an Halbleitern},
  url = "https://moodle.tu-dortmund.de/pluginfile.php/1732527/mod_folder/content/0/V46_Anhang.pdf",
  urldate = "2021-10-27"
}
@manual{Anleitung3,
  author = {TU Dortmund},
  title = {Roentgenreflektometrieversuch},
  url = "https://www.e1.physik.tu-dortmund.de/cms/Medienpool/Downloads/Roentgenreflektometrie_Versuch.pdf",
  urldate= "2022-04-26"
}
@manual{Anleitung10,
  author = {Wikipedia},
  title = {Glan-Thompson-Prisma},
  url = "https://upload.wikimedia.org/wikipedia/commons/6/6b/Glan-Thompson_prism_DE.svg",
  urldate= "2021-10-27"
}
@manual{Anleitung4,
  author = {TU-Dortmund},
  title = {Anleitung zu V44 Röntgenreflektometrie},
  url = "https://moodle.tu-dortmund.de/pluginfile.php/1893660/mod_resource/content/2/V44.pdf",
  urldate= "2022-04-26"
}
@manual{python,
  author = "Python",
  url = "https://www.python.org",
  urldate = "2022-04-27",
}
@manual{Anleitung6,
  author = {Florian Bertram},
  title = {Röntgenreflektometrie an ultradünnen Schichten},
  url = "https://www.physik.uni-osnabrueck.de/fileadmin/documents/AG-Woll/Bachelor_Arbeiten/BachelorarbeitFlorianBertram.pdf",
  urldate = "2022-05-04"
}
