@manual{Bild2,
  author = {Sebastian Rollke},
  title = {Versuch 46: Faraday-Effekt an Halbleitern},
  url = "http://www.rollke.com/physik/46.pdf",
  urldate = "2021-10-27"
}
@manual{Anleitung,
  author = {TU Dortmund},
  title = {Anhang 1, V46 - Faraday-Effekt an Halbleitern},
  url = "https://moodle.tu-dortmund.de/pluginfile.php/1732527/mod_folder/content/0/V46_Anhang.pdf",
  urldate = "2021-10-27"
}
@manual{Anleitung2,
  author = {TU Dortmund},
  title = {V46 - Faraday-Effekt an Halbleitern},
  url = "https://moodle.tu-dortmund.de/pluginfile.php/1732527/mod_folder/content/0/V46.pdf",
  urldate= "2021-10-27"
}
@manual{Anleitung3,
  author = {Wikipedia},
  title = {Glan-Thompson-Prisma},
  url = "https://upload.wikimedia.org/wikipedia/commons/6/6b/Glan-Thompson_prism_DE.svg",
  urldate= "2021-10-27"
}
@manual{Anleitung4,
  author = {Wikipedia},
  title = {Interferenzfilter},
  url = "https://upload.wikimedia.org/wikipedia/commons/d/db/Etalon-1.svg",
  urldate= "2021-10-27"
}
