@manual{Bild2,
  author = {Chemie.de},
  url = "https://www.chemie.de/lexikon/Zink.html",
  urldate = "2022-07-10"
}
@manual{Anleitung,
  author = {TU Dortmund},
  title = {V14 - Tomographie},
  url = "https://moodle.tu-dortmund.de/pluginfile.php/2014184/mod_resource/content/2/V14.pdf",
  urldate = "2022-07-05"
}
@manual{Anleitung3,
  author = {NIST},
  url = "https://physics.nist.gov/PhysRefData/Xcom/html/xcom1.html",
  urldate= "2022-07-05"
}
@manual{Anleitung5,
  author = {Ld-Didactic},
  url = "https://www.ld-didactic.de/software/524221de/Content/Appendix/Cs137.htm",
  urldate= "2022-07-10"
}
@manual{Anleitung4,
  author = {Weltstahl},
  url = "https://www.weltstahl.com/spezifisches-gewicht-dichte-aluminium-tabelle/",
  urldate= "2022-07-10"
}
@manual{python,
  author = "Python",
  url = "https://www.python.org",
  urldate = "2022-06-23"
}
@manual{Anleitung10,
  author = {Gordon R. Gilmore},
  title = {Practical Gamma-Ray Spectrometry, 2nd Edition},
  url = "https://onlinelibrary.wiley.com/doi/book/10.1002/9780470861981",
  urldate = "2022-07-10"
}
@manual{Anleitung7,
  author = {Material Data Center},
  url = "https://www.materialdatacenter.com/ms/de/tradenames/Delrin/DuPont+Engineering+Polymers/Delrin®+100+NC010/6fc48544/791",
  urldate= "2022-07-10"
}
@book{LitMyo,
author = {Bogdan Povh; Klaus Rith; Christoph Scholz; Frank Zetsche},
title = {Teilchen und Kerne - Eine Einführung in die physikalischen Konzepte}
}
@manual{leifi,
  author = {Leifi-Physik},
  url = "https://www.leifiphysik.de/kern-teilchenphysik/radioaktivitaet-fortfuehrung/versuche/gammaspektrum-von-cs-137",
  urldate = "2022-07-05"
}
