
@manual{python,
  author = "Python",
  url = "https://www.python.org",
  urldate = "2021-01-12"
}
@manual{paint,
  author = "Microsoft",
  title= "Paint",
  url = "https://www.microsoft.com/de-de/p/paint/9pcfs5b6t72h#activetab=pivot:overviewtab",
  urldate = "2021-12-15"
}
@manual{Anleitung3,
  author = {Internetchemie.Info},
  title = {Rubidium-Isotope},
  url = "https://www.internetchemie.info/chemische-elemente/rubidium-isotope.php",
  urldate= "2021-12-15"
}
@manual{Anleitung1,
  author = {TU Dortmund},
  title = {Anleitung zu V27 - Zeeman-Effekt},
  url = "https://moodle.tu-dortmund.de/pluginfile.php/1732526/mod_resource/content/4/V27-Mai2019.pdf",
  urldate= "2022-02-15"
}
@manual{Anleitung2,
  author = {Uni Ulm},
  title = {Ableitung der Planckschen Strahlungsformel nach Einstein},
  url = "https://www.uni-ulm.de/fileadmin/website_uni_ulm/nawi.inst.251/Didactics/quantenchemie/html/AbleitF.html",
  urldate= "2021-12-15"
}
@manual{Anleitung4,
  author = {Chemgapedia},
  title = {Laser},
  url = "http://www.chemgapedia.de/vsengine/vlu/vsc/de/ch/13/vlu/spektroskopie/spektrometer/laser.vlu/Page/vsc/de/ch/13/pc/spektroskopie/spektrometer/laser/laser3.vscml.html",
  urldate= "2021-12-15"
}
@manual{Anleitung5,
  author = {Spektrum},
  title = {Elektronenaffinität},
  url = "https://www.spektrum.de/lexikon/physik/elektronenaffinitaet/4071",
  urldate= "2022-02-03"
}
@manual{Anleitung6,
  author = {Bucci, Fieschi, Guidi},
  title = {Ionic Thermocurrents in Dielectrics},
  url = "https://journals.aps.org/pr/pdf/10.1103/PhysRev.148.816",
  urldate= "2022-02-03"
}
@manual{Anleitung7,
  author = {Spektrum},
  title = {Boltzmann-Konstante},
  url = "https://www.spektrum.de/lexikon/physik/boltzmann-konstante/1844",
  urldate= "2022-02-03"
}
@book{Anleitung9,
  author = {Rudolf Gross und Achim Marx} ,
  title = {Festkörperphysik} ,
  year = {2014} ,
  publisher = {Walter De Gruyter GmbH}
}
@manual{Anleitung8,
  author = {HTWK Leipzig},
  title = {Der Festkörper},
  url = "https://www.imn.htwk-leipzig.de/~lueders/informatik/lehrinhalte/b12_festkoerper.pdf",
  urldate= "2022-02-03"
}
