@manual{Anleitung,
  author = {TU Dortmund},
  title = {Versuchanleitung V46 Faraday-Effekt},
  url = "https://moodle.tu-dortmund.de/pluginfile.php/1732527/mod_folder/content/0/V46_Anhang.pdf",
  urldate = "2021-27-10"
}
@manual{Bild2,
  author = {Sebastian Rollke},
  title = {Versuch 46: Faraday-Effekt an Halbleitern},
  url = "http://www.rollke.com/physik/46.pdf",
  urldate = "2021-27-10"
}
