@misc {geant4,
      title = {Geant4 A Simulation Toolkit},
      howpublished = "\url{https://geant4.web.cern.ch/}",
      note = "Aufgerufen am 19.10.2020"
}
@manual {kola,
        title = {Teilchendetektoren},
        author = {Hermann Kolanoski and Norbert Wermes},
        year = 2016
}
@manual {pi,
        title = {Journal of Radiation Oncology},
        author = {Miller, Chelsea and Others},
        url = {https://doi.org/10.1007/s13566-019-00376-0},
        year = 2019
}
@manual {exset2,
        title = {The FE-I4 Pixel Readout Chip and the IBL Module},
        author = {Barbero, Marlon and Others},
        url = {https://cds.cern.ch/record/1415701/files/ATL-UPGRADE-PROC-2012-001.pdf},
        year = 2012
}
