@manual{Bild2,
  author = {Sebastian Rollke},
  title = {Versuch 46: Faraday-Effekt an Halbleitern},
  url = "http://www.rollke.com/physik/46.pdf",
  urldate = "2021-10-27"
}
@manual{Anleitung,
  author = {TU Dortmund},
  title = {Diode Laser Physics},
  url = "https://moodle.tu-dortmund.de/pluginfile.php/1929926/mod_folder/content/0/DLS_Laserphysik.pdf?forcedownload=1",
  urldate = "2021-10-27"
}
@manual{Anleitung3,
  author = {Kai Reinhold},
  title = {Laserbildsysteme},
  url = "https://www.fh-muenster.de/ciw/downloads/personal/juestel/juestel/Laser-Bildsysteme_Kai_Reinhold__.pdf",
  urldate= "2022-05-12"
}
@manual{Anleitung10,
  author = {Universität Wien},
  title = {Grundlagen Laser},
  url = "https://www.univie.ac.at/mikroskopie/1_grundlagen/mikroskop/licht/4a_laser_prinzip.htm",
  urldate= "2021-10-27"
}
@manual{Anleitung4,
  author = {TU-Dortmund},
  title = {Anleitung zu V44 Röntgenreflektometrie},
  url = "https://moodle.tu-dortmund.de/pluginfile.php/1893660/mod_resource/content/2/V44.pdf",
  urldate= "2022-04-26"
}
@manual{python,
  author = "Python",
  url = "https://www.python.org",
  urldate = "2022-04-27",
}
@manual{Anleitung6,
  author = {Florian Bertram},
  title = {Röntgenreflektometrie an ultradünnen Schichten},
  url = "https://www.physik.uni-osnabrueck.de/fileadmin/documents/AG-Woll/Bachelor_Arbeiten/BachelorarbeitFlorianBertram.pdf",
  urldate = "2022-05-04"
}
