
@manual{python,
  author = "Python",
  url = "https://www.python.org",
  urldate = "2021-12-01"
}
@manual{paint,
  author = "Microsoft",
  title= "Paint",
  url = "https://www.microsoft.com/de-de/p/paint/9pcfs5b6t72h#activetab=pivot:overviewtab",
  urldate = "2021-12-01"
}
@manual{Anleitung3,
  author = {Internetchemie.Info},
  title = {Rubidium-Isotope},
  url = "https://www.internetchemie.info/chemische-elemente/rubidium-isotope.php",
  urldate= "2021-12-01"
}
@manual{Anleitung1,
  author = {TU Dortmund},
  title = {Anleitung zu V21 - Optisches Pumpen},
  url = "https://moodle.tu-dortmund.de/pluginfile.php/1732524/mod_resource/content/2/V21.pdf",
  urldate= "2021-12-01"
}
@manual{Anleitung2,
  author = {Uni Ulm},
  title = {Ableitung der Planckschen Strahlungsformel nach Einstein},
  url = "https://www.uni-ulm.de/fileadmin/website_uni_ulm/nawi.inst.251/Didactics/quantenchemie/html/AbleitF.html",
  urldate= "2021-12-15"
}
@manual{Anleitung4,
  author = {Chemgapedia},
  title = {Laser},
  url = "http://www.chemgapedia.de/vsengine/vlu/vsc/de/ch/13/vlu/spektroskopie/spektrometer/laser.vlu/Page/vsc/de/ch/13/pc/spektroskopie/spektrometer/laser/laser3.vscml.html",
  urldate= "2021-12-15"
}
@manual{Anleitung5,
  author = {Chemgapedia},
  title = {Laser},
  url = "http://www.chemgapedia.de/vsengine/vlu/vsc/de/ch/13/vlu/spektroskopie/spektrometer/laser.vlu/Page/vsc/de/ch/13/pc/spektroskopie/spektrometer/laser/laser3.vscml.html",
  urldate= "2021-12-15"
}
