
@manual{python,
  author = "Python",
  url = "https://www.python.org",
  urldate = "2021-12-01"
}
@manual{paint,
  author = "Microsoft",
  title= "Paint",
  url = "https://www.microsoft.com/de-de/p/paint/9pcfs5b6t72h#activetab=pivot:overviewtab",
  urldate = "2021-12-01"
}
@manual{Anleitung3,
  author = {Internetchemie.Info},
  title = {Rubidium-Isotope},
  url = "https://www.internetchemie.info/chemische-elemente/rubidium-isotope.php",
  urldate= "2021-12-01"
}
@manual{Anleitung1,
  author = {TU Dortmund},
  title = {Anleitung zu V21 - Optisches Pumpen},
  url = "https://moodle.tu-dortmund.de/pluginfile.php/1732524/mod_resource/content/2/V21.pdf",
  urldate= "2021-12-01"
}
